@book{mallat08wavelet,
 author = {Mallat, Stephane},
 title = {A Wavelet Tour of Signal Processing, Third Edition: The Sparse Way},
 year = {2008},
 isbn = {0123743702, 9780123743701},
 edition = {3rd},
 publisher = {Academic Press},
}

@book{bronshtein07handbook,
 author = {I.N. Bronshtein and K.A. Semendyayev and G. Musiol and H. Muehlig},
 title = {Handbook of Mathematics},
 year = {2007},
 isbn = {Handbook of Mathematics},
 edition = {5th},
 publisher = {Springer},
}

@ARTICLE{fornies1997error, 
author={Fornies-Marquina, J.M. and Letosa, J. and Garcia-Gracia, M. and Artacho, J.M.}, 
journal={Magnetics, IEEE Transactions on}, title={Error propagation for the transformation of time domain into frequency domain}, 
year={1997}, 
month={mar}, 
volume={33}, 
number={2}, 
pages={1456 -1459}, 
keywords={Fourier transform;electromagnetic interference;electromagnetic problems;error propagation;frequency domain;harmonic signal analysis;magnetic field gradients;measurements parameters;random error;reflection coefficient;scattering parameters;time domain data;time domain measurement;time to frequency domain transformation;Fourier transforms;electromagnetic interference;electromagnetic wave reflection;electromagnetic wave scattering;error analysis;harmonic analysis;magnetic fields;signal processing;time-domain analysis;}, 
doi={10.1109/20.582534}, 
ISSN={0018-9464},}

@ONLINE{nti12,
  title         = {{NTI} {W}avelet {T}ools},
  year          = {2012},
  note = "\url{https://deep.reak.bme.hu/projects/wavelet}"
}

@ONLINE{idl12,
  title         = {{IDL} â€“ {I}nteractive {D}ata {L}anguage},
  year          = {2012},
  month		= {October},
  note = "\url{http://www.exelisvis.com/ProductsServices/IDL.aspx}"
}


  	
@article{pokol2007application,
  author={G. Pokol and G. Por and S. Zoletnik and W7-AS team},
  title={Application of a bandpower correlation method to the statistical analysis of {MHD} bursts in quiescent {W}endelstein-7 {AS} stellarator plasmas},
  journal={Plasma Physics and Controlled Fusion},
  volume={49},
  number={9},
  pages={1391},
  url={http://stacks.iop.org/0741-3335/49/i=9/a=003},
  year={2007}
}
